@article{desantana2013topological,
  title={Topological properties of polar food webs},
  author={de Santana, Charles N and Rozenfeld, Alejandro F and Marquet, Pablo A and Duarte, Carlos M},
  journal={Marine ecology. Progress series},
  volume={474},
  pages={15--26},
  year={2013},
  publisher={Inter-Research}
}
